@Book{hottbook,
	author =    {The {Univalent Foundations Program}},
	title =     {Homotopy Type Theory: Univalent Foundations of Mathematics},
	publisher = {\url{https://homotopytypetheory.org/book}},
	address =   {Institute for Advanced Study},
	year =      2013}


@InCollection{sep-frege,
	author       =	{Zalta, Edward N.},
	title        =	{Gottlob Frege},
	booktitle    =	{The Stanford Encyclopedia of Philosophy},
	editor       =	{Edward N. Zalta},
	howpublished =	{\url{https://plato.stanford.edu/archives/sum2018/entries/frege/}},
	year         =	{2018},
	edition      =	{Summer 2018},
	publisher    =	{Metaphysics Research Lab, Stanford University}
}

@article{gonthier2008formal,
	title={Formal proof--the four-color theorem},
	author={Gonthier, Georges},
	journal={Notices of the AMS},
	volume={55},
	number={11},
	pages={1382--1393},
	year={2008}
}


@article{awodey2013voevodsky,
	title={Voevodsky’s univalence axiom in homotopy type theory},
	author={Awodey, Steve and Pelayo, {\'A}lvaro and Warren, Michael A},
	journal={Notices of the American Mathematical Society},
	year={2013}
}


@misc{nlab:relation_between_type_theory_and_category_theory,
	author = {{nLab authors}},
	title = {relation between type theory and category theory},
	howpublished = {\url{http://ncatlab.org/nlab/show/relation%20between%20type%20theory%20and%20category%20theory}},
	note = {\href{http://ncatlab.org/nlab/revision/relation%20between%20type%20theory%20and%20category%20theory/69}{Revision 69}},
	month = jan,
	year = 2019
}

@book{goldblatt2014topoi,
	title={Topoi: the categorial analysis of logic},
	author={Goldblatt, Robert},
	volume={98},
	year={2014},
	publisher={Elsevier}
}


@book{thompson1991type,
	title={Type theory and functional programming},
	author={Thompson, Simon},
	year={1991},
	publisher={Addison Wesley}
}


@book{russell2009principles,
	title={Principles of mathematics},
	author={Russell, Bertrand},
	year={2009},
	publisher={Routledge}
}

@article{ferreirós_2001,
    title= "The Road to Modern Logic—An Interpretation",
    journal="Bulletin of Symbolic Logic", 
    publisher="Cambridge University Press",
    author="Ferreirós, José", 
    year="2001"},

@book{ahofl56,
    author = "Bocheński, Józef Maria ",
    title = "A History of Formal Logic",
    year = "1956"}
    
@book{tdoml04,
    author = "Mancosu, Paolo and Zach, Richard and Badesa, Calixto",
    year = "2004"}
    
@InCollection{sep-frege,
	author       =	{Zalta, Edward N.},
	title        =	{Gottlob Frege},
	booktitle    =	{The Stanford Encyclopedia of Philosophy},
	editor       =	{Edward N. Zalta},
	howpublished =	{\url{https://plato.stanford.edu/archives/sum2018/entries/frege/}},
	year         =	{2018},
	edition      =	{Summer 2018},
	publisher    =	{Metaphysics Research Lab, Stanford University}
}

@book{handbook-ml,
    title =      {Handbook of Mathematical Logic},
    author =      {Barwise, Jon}
}

@book{russell2013history,
  title={History of Western Philosophy: Collectors edition},
  author={Russell, Bertrand},
  year={2013},
  publisher={Routledge}
}

@book{kleene-meta,
    title = "Introduction to Meta-Mathematics",
    author = "Kleene, Stephen Cole"
    }
    
   @article{earlysettheory,
 ISSN = {00255769},
 URL = {http://www.jstor.org/stable/27958491},
 author = {Phillip E. Johnson},
 journal = {The Mathematics Teacher},
 number = {8},
 pages = {690--692},
 publisher = {National Council of Teachers of Mathematics},
 title = {THE EARLY BEGINNINGS OF SET THEORY},
 volume = {63},
 year = {1970}
}

@InCollection{sep-settheory-early,
	author       =	{Ferreirós, José},
	title        =	{The Early Development of Set Theory},
	booktitle    =	{The Stanford Encyclopedia of Philosophy},
	editor       =	{Edward N. Zalta},
	howpublished =	{\url{https://plato.stanford.edu/archives/fall2016/entries/settheory-early/}},
	year         =	{2016},
	edition      =	{Fall 2016},
	publisher    =	{Metaphysics Research Lab, Stanford University}
}

@InCollection{sep-aristotle-logic,
	author       =	{Smith, Robin},
	title        =	{Aristotle's Logic},
	booktitle    =	{The Stanford Encyclopedia of Philosophy},
	editor       =	{Edward N. Zalta},
	howpublished =	{\url{https://plato.stanford.edu/archives/spr2018/entries/aristotle-logic/}},
	year         =	{2018},
	edition      =	{Spring 2018},
	publisher    =	{Metaphysics Research Lab, Stanford University}
}

@misc{spade_hintikka_2017, title={History of Logic}, url={https://www.britannica.com/topic/history-of-logic}, journal={Encyclopædia Britannica}, publisher={Encyclopædia Britannica, inc.}, author={Spade, Paul Vincent and Hintikka, Jaakko J.}} 

@InCollection{sep-leibniz-logic-influence,
	author       =	{Peckhaus, Volker},
	title        =	{Leibniz's Influence on 19th Century Logic},
	booktitle    =	{The Stanford Encyclopedia of Philosophy},
	editor       =	{Edward N. Zalta},
	howpublished =	{\url{https://plato.stanford.edu/archives/spr2014/entries/leibniz-logic-influence/}},
	year         =	{2014},
	edition      =	{Spring 2014},
	publisher    =	{Metaphysics Research Lab, Stanford University}
}
@book{kneale1962development,
  title={The development of logic},
  author={Kneale, William and Kneale, William Calvert and Kneale, Martha},
  year={1962},
  publisher={Oxford University Press}
}

@book{aristotle1926works,
  title={The Works of Aristotle},
  author={Aristotle and Edghill, Ella Mary and Jenkinson, AJ and Mure, Geoffrey Reginald Gilchrist and Ross, Sir William David},
  year={1926},
  publisher={Clarendon Press}
}

@InCollection{sep-russell-paradox,
	author       =	{Irvine, Andrew David and Deutsch, Harry},
	title        =	{Russell's Paradox},
	booktitle    =	{The Stanford Encyclopedia of Philosophy},
	editor       =	{Edward N. Zalta},
	howpublished =	{\url{https://plato.stanford.edu/archives/win2016/entries/russell-paradox/}},
	year         =	{2016},
	edition      =	{Winter 2016},
	publisher    =	{Metaphysics Research Lab, Stanford University}
}

@book{robivc2015foundations,
	title={The foundations of computability theory},
	author={Robi{\v{c}}, Borut},
	year={2015},
	publisher={Springer}
}

@book{smith2013introduction,
	title={An introduction to G{\"o}del's theorems},
	author={Smith, Peter},
	year={2013},
	publisher={Cambridge University Press}
}
